<?xml version="1.0" encoding="UTF-8"?>
<collection xmlns:xsi="http://www.w3.org/2001/XMLSchema-instance" xsi:schemaLocation="http://www.loc.gov/MARC21/slim http://www.loc.gov/standards/marcxml/schema/MARC21slim.xsd" xmlns="http://www.loc.gov/MARC21/slim">
<record>
  <leader>00725nam a22002051  4500</leader>
  <controlfield tag="001">2674218</controlfield>
  <controlfield tag="003">NNC</controlfield>
  <controlfield tag="005">20030429134722.0</controlfield>
  <controlfield tag="008">000920s1962    iq a          000 0 ara d</controlfield>
  <datafield tag="035" ind1=" " ind2=" ">
    <subfield code="a">(OCoLC)ocm45047078</subfield>
  </datafield>
  <datafield tag="035" ind1=" " ind2=" ">
    <subfield code="9">ARC2862CU</subfield>
  </datafield>
  <datafield tag="040" ind1=" " ind2=" ">
    <subfield code="a">ZCU</subfield>
    <subfield code="c">ZCU</subfield>
  </datafield>
  <datafield tag="099" ind1=" " ind2=" ">
    <subfield code="a">956.1Is7</subfield>
    <subfield code="a">K544</subfield>
  </datafield>
  <datafield tag="100" ind1="1" ind2=" ">
    <subfield code="a">Kielty, Bernardine.</subfield>
  </datafield>
  <datafield tag="245" ind1="1" ind2="0">
    <subfield code="a">Fatḥ al-Qusṭantīnīyah, taʾlīf Bernardine Kielty,</subfield>
    <subfield code="b">tarjumat Shukrī Maḥmūd Nadīm, murāja ʻat Jaʻfar Khuṣbāk.</subfield>
  </datafield>
  <datafield tag="260" ind1=" " ind2=" ">
    <subfield code="a">Baghdād,</subfield>
    <subfield code="b">Maktabat al-Nahḍah,</subfield>
    <subfield code="c">1962.</subfield>
  </datafield>
  <datafield tag="300" ind1=" " ind2=" ">
    <subfield code="a">143 p.</subfield>
    <subfield code="b">illus.</subfield>
  </datafield>
  <datafield tag="500" ind1=" " ind2=" ">
    <subfield code="a">Publ. in cooperation with Franklin Foundation, New York.</subfield>
  </datafield>
  <datafield tag="500" ind1=" " ind2=" ">
    <subfield code="a">Translation of The fall of Constantinople, publ. by Random House, 1957.</subfield>
  </datafield>
  <datafield tag="955" ind1=" " ind2=" ">
    <subfield code="b">0045342865</subfield>
    <subfield code="d">glx</subfield>
    <subfield code="e">956.1Is7 K544</subfield>
  </datafield>
</record>
</collection>